<record xmlns="http://www.loc.gov/MARC21/slim" xmlns:xsi="http://www.w3.org/2001/XMLSchema-instance" xsi:schemaLocation="http://www.loc.gov/MARC21/slim http://www.loc.gov/standards/marcxml/schema/MARC21slim.xsd"><leader>02164nam a2200385   4500</leader><controlfield tag="001">3073994</controlfield><controlfield tag="003">NNC</controlfield><controlfield tag="006">m        d        </controlfield><controlfield tag="007">cr cn |||m|||a</controlfield><controlfield tag="008">150223s1953    ua      ob    001 0 arard</controlfield><datafield ind1=" " ind2=" " tag="040"><subfield code="a">NNU</subfield><subfield code="b">eng</subfield><subfield code="e">rda</subfield><subfield code="c">NNU</subfield></datafield><datafield ind1="1" ind2="4" tag="050"><subfield code="a">PJ6161</subfield><subfield code="b">.K54 1953</subfield></datafield><datafield ind1="1" ind2=" " tag="100"><subfield code="6">880-01</subfield><subfield code="a">Khafa&#772;ji&#772;, &#699;Abd Alla&#772;h ibn Muh&#803;ammad,</subfield><subfield code="d">1031 or 1032-1073 or 1074.</subfield></datafield><datafield ind1="1" ind2="0" tag="245"><subfield code="6">880-02</subfield><subfield code="a">Sirr al-fas&#803;a&#772;h&#803;ah /</subfield><subfield code="c">li-Abi&#772; Muh&#803;ammad &#699;Abd Alla&#772;h ibn Muh&#803;ammad ibn Sa&#699;i&#772;d ibn Sina&#772;n al-Khafa&#772;ji&#772; ; s&#803;ah&#803;h&#803;ah&#803;ahu wa-&#699;allaqa &#699;alayhi &#699;Abd al-Muta&#699;a&#772;l al-S&#803;a&#699;i&#772;di&#772;.</subfield></datafield><datafield ind1=" " ind2=" " tag="260"><subfield code="6">880-03</subfield><subfield code="a">Mis&#803;r :</subfield><subfield code="b">Maktabat wa-Mat&#803;ba&#699;at Muh&#803;ammad &#699;Ali&#772; S&#803;ubayh&#803;,</subfield><subfield code="c">1953.</subfield></datafield><datafield ind1=" " ind2=" " tag="300"><subfield code="a">online resource (15, 367 pages)</subfield></datafield><datafield ind1=" " ind2=" " tag="336"><subfield code="a">text</subfield><subfield code="2">rdacontent</subfield></datafield><datafield ind1=" " ind2=" " tag="337"><subfield code="a">computer</subfield><subfield code="2">rdamedia</subfield></datafield><datafield ind1=" " ind2=" " tag="338"><subfield code="a">online resource</subfield><subfield code="2">rdacarrier</subfield></datafield><datafield ind1=" " ind2=" " tag="500"><subfield code="a">Part of the Arabic Collections Online (ACO) project, contributed by Columbia University Libraries.</subfield></datafield><datafield ind1=" " ind2=" " tag="504"><subfield code="a">Includes bibliographical references and indexes.</subfield></datafield><datafield ind1=" " ind2=" " tag="533"><subfield code="a">Electronic reproduction.</subfield><subfield code="b">New York, N.Y. :</subfield><subfield code="c">New York University,</subfield><subfield code="d">2015.</subfield><subfield code="5">NNU</subfield></datafield><datafield ind1=" " ind2="0" tag="650"><subfield code="a">Arabic language</subfield><subfield code="x">Rhetoric.</subfield></datafield><datafield ind1=" " ind2="7" tag="650"><subfield code="a">Arabic language</subfield><subfield code="x">Rhetoric.</subfield><subfield code="2">fast</subfield><subfield code="0">(OCoLC)fst00812415</subfield></datafield><datafield ind1="1" ind2=" " tag="700"><subfield code="6">880-04</subfield><subfield code="a">S&#803;a&#699;i&#772;di&#772;, &#699;Abd al-Muta&#699;a&#772;l,</subfield><subfield code="d">1894-</subfield></datafield><datafield ind1="2" ind2=" " tag="710"><subfield code="a">Columbia University.</subfield><subfield code="b">Libraries.</subfield></datafield><datafield ind1="0" ind2=" " tag="730"><subfield code="a">Arabic Collections Online.</subfield></datafield><datafield ind1="0" ind2="8" tag="776"><subfield code="i">Print version:</subfield><subfield code="a">Khafa&#772;ji&#772;, &#699;Abd Alla&#772;h ibn Muh&#803;ammad, 1031 or 1032-1073 or 1074.</subfield><subfield code="t">Sirr al-fas&#803;a&#772;h&#803;ah</subfield><subfield code="w">(NNC)3073994</subfield><subfield code="w">(OCoLC)36513838</subfield></datafield><datafield ind1="4" ind2="0" tag="856"><subfield code="u">http://hdl.handle.net/2333.1/w3r229w4</subfield></datafield><datafield ind1="1" ind2=" " tag="880"><subfield code="6">100-01/r</subfield><subfield code="a">&#1582;&#1601;&#1575;&#1580;&#1610;&#1548; &#1593;&#1576;&#1583; &#1575;&#1604;&#1604;&#1607; &#1576;&#1606; &#1605;&#1581;&#1605;&#1583;&#1548;,</subfield><subfield code="d">1031 or 1032-1073 of 1074.</subfield></datafield><datafield ind1="1" ind2="0" tag="880"><subfield code="6">245-02/r</subfield><subfield code="a">&#1587;&#1585; &#1575;&#1604;&#1601;&#1589;&#1575;&#1581;&#1577; /</subfield><subfield code="c">&#1604;&#1575;&#1576;&#1610; &#1605;&#1581;&#1605;&#1583; &#1593;&#1576;&#1583; &#1575;&#1604;&#1604;&#1607; &#1576;&#1606; &#1605;&#1581;&#1605;&#1583; &#1576;&#1606; &#1587;&#1593;&#1610;&#1583; &#1576;&#1606; &#1587;&#1606;&#1575;&#1606; &#1575;&#1604;&#1582;&#1601;&#1575;&#1580;&#1610; &#1563; &#1589;&#1581;&#1581;&#1607; &#1608;&#1593;&#1604;&#1602; &#1593;&#1604;&#1610;&#1607; &#1593;&#1576;&#1583; &#1575;&#1604;&#1605;&#1578;&#1593;&#1575;&#1604; &#1575;&#1604;&#1589;&#1593;&#1610;&#1583;&#1610;.</subfield></datafield><datafield ind1=" " ind2=" " tag="880"><subfield code="6">260-03/r</subfield><subfield code="a">&#1605;&#1589;&#1585; :</subfield><subfield code="b">&#1605;&#1603;&#1578;&#1576;&#1577; &#1608;&#1605;&#1591;&#1576;&#1593;&#1577; &#1605;&#1581;&#1605;&#1583; &#1593;&#1604;&#1610; &#1589;&#1576;&#1610;&#1581;&#1548;</subfield><subfield code="c">1953.</subfield></datafield><datafield ind1="1" ind2=" " tag="880"><subfield code="6">700-04/r</subfield><subfield code="a">&#1589;&#1593;&#1610;&#1583;&#1610;&#1548; &#1593;&#1576;&#1583; &#1575;&#1604;&#1605;&#1578;&#1593;&#1575;&#1604;&#1548;,</subfield><subfield code="d">1894-</subfield></datafield><datafield ind1=" " ind2=" " tag="959"><subfield code="a">NNU</subfield><subfield code="b">WEB</subfield><subfield code="c">GENI</subfield><subfield code="t">0</subfield><subfield code="m">Electronic access</subfield><subfield code="s">01</subfield></datafield><datafield ind1=" " ind2=" " tag="999"><subfield code="i">NNC_3073994</subfield><subfield code="o">(OCoLC)ocm36513838 </subfield><subfield code="s">columbia_aco000139</subfield></datafield></record>